@book{mapfre,
    title={Manual de Seguridad en el Trabajo},
    author={Fernando Pablo, José Angel et al.},
    isbn={84-7100-987-0},
    publisher={Editorial MAPFRE S.A.},
    year={1991}
}

@book{rubio,
    title={Métodos de Evaluación de Riesgos Laborales},
    author={Rubio Romero, Juan Carlos},
    isbn={9788479786335},
    year={2004},
    publisher={Ediciones Díaz de Santos S.A.}
}

@legislation{ley19587,
    title={Ley Nacional 19.587 de Seguridad e Higiene en el Trabajo},
    year={1972}
}

@legislation{dec351,
    title={Decreto Reglamentario 351/79 de la Ley Nacional 19.587},
    year={1979}
}

@legislation{ley24557,
    title={Ley Nacional 24.557 de Riesgos del Trabajo},
    year={1995}
}

@online{srt,
    title={Superintendencia de Riesgos del Trabajo - SRT | Argentina.gob.ar},
    organization={Superintendencia de Riesgos del Trabajo},
    url={https://www.argentina.gob.ar/srt},
    urldate={2023-03-09}
}

@online{estrucplan,
    title={Estrucplan – consultora},
    organization={Estrucplan},
    url={https://estrucplan.com.ar/},
    urldate={2023-03-09}
}

@online{siafa,
    title={Siafa SRL},
    organization={SIAFA S.R.L.},
    url={https://siafa.com.ar/},
    urldate={2023-03-09}
}

